<?xml version="1.0" encoding="UTF-8"?><collection xmlns="http://www.loc.gov/MARC21/slim"><record><leader>00459nam--2200157-i-4500</leader><controlfield tag="001">000022748</controlfield><controlfield tag="002">20161230</controlfield><controlfield tag="005">20161230201034</controlfield><controlfield tag="008">060222s1000------------r-----000-0-eng-d</controlfield><datafield ind1=" " ind2=" " tag="080"><subfield code="a">517.54</subfield></datafield><datafield ind1="1" ind2="0" tag="100"><subfield code="a">Jenkins, James A</subfield></datafield><datafield ind1="1" ind2=" " tag="245"><subfield code="a">Univalent functions and conformal mapping</subfield></datafield><datafield ind1=" " ind2=" " tag="260"><subfield code="a">Berlin, Springer-verlag, 1965, 167p</subfield></datafield><datafield ind1=" " ind2=" " tag="490"><subfield code="a">Ergebnisse Der Mathematik Und Ihrer Grenzgebiete, Neue Folge</subfield></datafield><datafield ind1=" " ind2=" " tag="852"><subfield code="a">28527</subfield><subfield code="c">517.5</subfield></datafield><datafield ind1=" " ind2=" " tag="CAT"><subfield code="a">Sys</subfield><subfield code="c">20080804</subfield><subfield code="h">090955</subfield></datafield></record></collection>